<record><leader>00000cas a22000007a 4500</leader><controlfield tag="001">13433150</controlfield><controlfield tag="008">860415d18991904nvuwr ne      0    0eng d</controlfield><datafield ind1=" " ind2=" " tag="010"><subfield code="a">sn 86091326 </subfield></datafield><datafield ind1=" " ind2=" " tag="040"><subfield code="a">UNP</subfield><subfield code="b">eng</subfield><subfield code="c">UNP</subfield><subfield code="d">NNX</subfield><subfield code="d">OCLCQ</subfield></datafield><datafield ind1=" " ind2=" " tag="042"><subfield code="a">msc</subfield></datafield><datafield ind1=" " ind2="4" tag="050"><subfield code="a">AN2.N3</subfield><subfield code="b">C68</subfield></datafield><datafield ind1="0" ind2=" " tag="130"><subfield code="a">Courier (Genoa, Nev. : 1899)</subfield></datafield><datafield ind1="1" ind2="4" tag="245"><subfield code="a">The Courier.</subfield></datafield><datafield ind1="1" ind2="3" tag="246"><subfield code="a">Weekly courier</subfield></datafield><datafield ind1=" " ind2=" " tag="260"><subfield code="a">Genoa, Nev. :</subfield><subfield code="b">G.M. Smith,</subfield><subfield code="c">1899-1904.</subfield></datafield><datafield ind1=" " ind2=" " tag="300"><subfield code="a">v. :</subfield><subfield code="b">ill. (chiefly ads.)</subfield></datafield><datafield ind1=" " ind2=" " tag="310"><subfield code="a">Weekly</subfield></datafield><datafield ind1="0" ind2=" " tag="362"><subfield code="a">Vol. 20, no. 6 (May 5, 1899)-v. 24, no. 7 (Apr. 1, 1904).</subfield></datafield><datafield ind1=" " ind2=" " tag="500"><subfield code="a">Moved to Gardnerville, Nev., June 9, 1899.</subfield></datafield><datafield ind1=" " ind2=" " tag="525"><subfield code="a">Supplements accompany some issues.</subfield></datafield><datafield ind1=" " ind2=" " tag="752"><subfield code="a">United States</subfield><subfield code="b">Nevada</subfield><subfield code="c">Douglas</subfield><subfield code="d">Gardnerville.</subfield></datafield><datafield ind1=" " ind2=" " tag="752"><subfield code="a">United States</subfield><subfield code="b">Nevada</subfield><subfield code="c">Douglas</subfield><subfield code="d">Genoa.</subfield></datafield><datafield ind1="0" ind2="0" tag="780"><subfield code="t">Genoa weekly courier</subfield><subfield code="w">(DLC)sn 86091325</subfield><subfield code="w">(OCoLC)13433086</subfield></datafield><datafield ind1="0" ind2="7" tag="785"><subfield code="t">Record (Gardnerville, Nev.)</subfield><subfield code="w">(DLC)sn 86076322</subfield><subfield code="w">(OCoLC)13956486</subfield></datafield><datafield ind1="0" ind2="7" tag="785"><subfield code="t">Record-courier (Gardnerville, Nev.)</subfield><subfield code="w">(DLC)sn 84001718</subfield><subfield code="w">(OCoLC)11314282</subfield></datafield></record>